<record><leader>00000cas a22000007a 4500</leader><controlfield tag="001">15229435</controlfield><controlfield tag="008">870223d19041923aludn ne      0    0eng d</controlfield><datafield ind1=" " ind2=" " tag="010"><subfield code="a">sn 87050049 </subfield></datafield><datafield ind1=" " ind2=" " tag="040"><subfield code="a">AAR</subfield><subfield code="b">eng</subfield><subfield code="c">AAR</subfield><subfield code="d">CPN</subfield><subfield code="d">CRL</subfield><subfield code="d">OCLCQ</subfield><subfield code="d">OCLCF</subfield></datafield><datafield ind1="1" ind2=" " tag="029"><subfield code="a">AU@</subfield><subfield code="b">000020456009</subfield></datafield><datafield ind1=" " ind2=" " tag="042"><subfield code="a">msc</subfield></datafield><datafield ind1=" " ind2=" " tag="043"><subfield code="a">n-us-al</subfield></datafield><datafield ind1="0" ind2=" " tag="130"><subfield code="a">Montgomery times (Montgomery, Ala. : 1904)</subfield></datafield><datafield ind1="1" ind2="4" tag="245"><subfield code="a">The Montgomery times.</subfield></datafield><datafield ind1="1" ind2="3" tag="246"><subfield code="a">Montgomery daily times</subfield></datafield><datafield ind1=" " ind2=" " tag="260"><subfield code="a">Montgomery, Ala. :</subfield><subfield code="b">[s.n.],</subfield><subfield code="c">1904-1923.</subfield></datafield><datafield ind1=" " ind2=" " tag="300"><subfield code="a">v.</subfield></datafield><datafield ind1=" " ind2=" " tag="310"><subfield code="a">Daily (except Sun.)</subfield></datafield><datafield ind1="0" ind2=" " tag="362"><subfield code="a">May 16, 1904-Apr. 29, 1907 ; v. 3, no. 91 (May 1, 1907)-</subfield></datafield><datafield ind1="1" ind2=" " tag="362"><subfield code="a">Ceased in June 1923.</subfield></datafield><datafield ind1=" " ind2=" " tag="515"><subfield code="a">Numbering is irregular.</subfield></datafield><datafield ind1=" " ind2=" " tag="530"><subfield code="a">Also issued on microfilm from State of Alabama, Dept. of Archives and History.</subfield></datafield><datafield ind1=" " ind2="0" tag="651"><subfield code="a">Montgomery (Ala.)</subfield><subfield code="v">Newspapers.</subfield></datafield><datafield ind1=" " ind2="7" tag="655"><subfield code="a">Newspapers.</subfield><subfield code="2">fast</subfield><subfield code="0">(OCoLC)fst01423814</subfield></datafield><datafield ind1=" " ind2="7" tag="651"><subfield code="a">Alabama</subfield><subfield code="z">Montgomery.</subfield><subfield code="2">fast</subfield><subfield code="0">(OCoLC)fst01202689</subfield></datafield><datafield ind1=" " ind2=" " tag="752"><subfield code="a">United States</subfield><subfield code="b">Alabama</subfield><subfield code="c">Montgomery</subfield><subfield code="d">Montgomery.</subfield></datafield><datafield ind1="0" ind2=" " tag="775"><subfield code="t">Alabama times (Montgomery, Ala.)</subfield><subfield code="w">(DLC)sn 87050050</subfield><subfield code="w">(OCoLC)10594478</subfield></datafield><datafield ind1="0" ind2="0" tag="780"><subfield code="t">Montgomery evening times</subfield><subfield code="w">(DLC)sn 87050048</subfield><subfield code="w">(OCoLC)15229362</subfield></datafield><datafield ind1="0" ind2="0" tag="785"><subfield code="t">Times (Montgomery, Ala.)</subfield><subfield code="w">(DLC)sn 87050051</subfield><subfield code="w">(OCoLC)15229572</subfield></datafield></record>